<record><leader>00000cas a22000007a 4500</leader><controlfield tag="001">9633925</controlfield><controlfield tag="008">830622d18971906ohudr ne      0    0eng d</controlfield><controlfield tag="009">3783</controlfield><datafield ind1=" " ind2=" " tag="010"><subfield code="a">sn 83035243 </subfield></datafield><datafield ind1=" " ind2=" " tag="040"><subfield code="a">NPY</subfield><subfield code="b">eng</subfield><subfield code="c">NPY</subfield><subfield code="d">NPH</subfield><subfield code="d">ONP</subfield></datafield><datafield ind1=" " ind2=" " tag="042"><subfield code="a">msc</subfield></datafield><datafield ind1="0" ind2="4" tag="245"><subfield code="a">The Conneaut evening news.</subfield></datafield><datafield ind1=" " ind2=" " tag="260"><subfield code="a">Conneaut, Ohio :</subfield><subfield code="b">P.E. Bissell,</subfield><subfield code="c">1897-</subfield></datafield><datafield ind1=" " ind2=" " tag="300"><subfield code="a">v.</subfield></datafield><datafield ind1=" " ind2=" " tag="310"><subfield code="a">Daily (except Sun.)</subfield></datafield><datafield ind1="0" ind2=" " tag="362"><subfield code="a">Vol. 1, no. 1 (Dec. 22, 1897)-</subfield></datafield><datafield ind1="1" ind2=" " tag="362"><subfield code="a">Ceased with Dec. 31, 1906 issue.</subfield></datafield><datafield ind1=" " ind2=" " tag="500"><subfield code="a">"A broadgauge, independent, fearless, Republican newspaper."</subfield></datafield><datafield ind1=" " ind2=" " tag="752"><subfield code="a">United States</subfield><subfield code="b">Ohio</subfield><subfield code="c">Ashtabula</subfield><subfield code="d">Conneaut.</subfield></datafield><datafield ind1="0" ind2="7" tag="785"><subfield code="t">Conneaut post-herald (Conneaut, Ohio : 1905)</subfield><subfield code="w">(DLC)sn 83035238</subfield></datafield><datafield ind1="0" ind2="7" tag="785"><subfield code="t">Conneaut news-herald</subfield><subfield code="w">(DLC)sn 83035239</subfield></datafield></record>